

@INPROCEEDINGS{8951908,  author={A. {Jadid} and L. {Rudolph} and F. {Pankratz} and G. {Klinker}},  booktitle={2019 IEEE International Symposium on Mixed and Augmented Reality Adjunct (ISMAR-Adjunct)},   title={Utilizing Multiple Calibrated IMUs for Enhanced Mixed Reality Tracking},   year={2019},  volume={},  number={},  pages={384-386},}

@article{sonar1,
author = {Carullo, Alessio and Parvis, Marco},
year = {2001},
month = {09},
pages = {143 - 147},
title = {An ultrasonic sensor for distance measurement in automotive applications},
volume = {1},
journal = {Sensors Journal, IEEE},
doi = {10.1109/JSEN.2001.936931}
}

@book{misra2006global,
  title={Global positioning system: signals, measurements, and performance},
  author={Misra, P. and Enge, P.},
  isbn={9780970954411},
  url={https://books.google.de/books?id=pv5MAQAAIAAJ},
  year={2006},
  publisher={Ganga-Jamuna Press}
}


@incollection{FERNANDEZ201381,
title = "Chapter 8 - Analog: The Infinite Shades of Gray",
editor = "Adrian Fernandez and Dung Dang",
booktitle = "Getting Started with the MSP430 Launchpad",
publisher = "Newnes",
address = "Oxford",
pages = "81 - 125",
year = "2013",
isbn = "978-0-12-411588-0",
doi = "https://doi.org/10.1016/B978-0-12-411588-0.00008-X",
url = "http://www.sciencedirect.com/science/article/pii/B978012411588000008X",
author = "Adrian Fernandez and Dung Dang",
}

@INPROCEEDINGS{5739775,
  author={S. {Gervais-Ducouret}},
  booktitle={2011 IEEE Sensors Applications Symposium}, 
  title={Next smart sensors generation}, 
  year={2011},
  volume={},
  number={},
  pages={193-196},
  }
  
  
 @online{MEMS,
  author = {MEMS and Nanotechnology Exchange},
  title = {What is MEMS Technology},
  url = {https://www.mems-exchange.org/MEMS/what-is.html#:~:text=Micro},
}

@incollection{2018233,
title = "Chapter 7 - Miniature Inertial Measurement Unit",
editor = "Zheng You",
booktitle = "Space Microsystems and Micro/nano Satellites",
publisher = "Butterworth-Heinemann",
pages = "233 - 293",
year = "2018",
series = "Micro and Nano Technologies",
isbn = "978-0-12-812672-1",
doi = "https://doi.org/10.1016/B978-0-12-812672-1.00007-2",
url = "http://www.sciencedirect.com/science/article/pii/B9780128126721000072",
}


 @online{ROS,
  author = {ROS},
  title = {What is MEMS Technology},
  url = {ttp://www.ros.org/, 2017},
}


